@article{
ref:jCAS10,
   Author = {Casson, Alexander J. and Yates, David C. and Smith, Shelagh J.M. and Duncan, John S. and Rodriguez-Villegas, Esther},
   Title = {Wearable electroencephalography},
   Journal = {IEEE Eng. Biol. Med. Mag.},
   Volume = {29},
   Number = {3},
   Pages = {44-56},
   Year = {2010} 
}

@article{
ref:jCAS09,
   Author = {Casson, Alexander J. and Luna, Elena and Rodriguez-Villegas, Esther},
   Title = {Performance metrics for the accurate characterisation of interictal spike detection algorithms},
   Journal = {J. Neurosci. Meth.},
   Volume = {177},
   Number = {2},
   Pages = {479-487},
   Year = {2009} 
}

@article{
ref:jCAS09a,
   Author = {Casson, Alexander J. and Rodriguez-Villegas, Esther},
   Title = {Toward online data reduction for portable electroencephalography systems in epilepsy},
   Journal = {IEEE T. Biomed. Eng.},
   Volume = {56},
   Number = {12},
   Pages = {2816-2825},
   Year = {2009} 
}

@article{ref:Zhou_Yang_Wang_Dong_2025, title={Human–robot teleoperation based on Imus}, DOI={10.1007/978-981-96-6139-8_3}, journal={Advanced Topics in Science and Technology in China}, author={Zhou, Huiying and Yang, Geng and Wang, Baicun and Dong, Na}, year={2025}, pages={51–72}} 

@article{ref:Lyu_Yang_Yang_2025, title={Whole-body human-motion based robot teleoperation}, DOI={10.1007/978-981-96-6545-7_4}, journal={Advanced Topics in Science and Technology in China}, author={Lyu, Honghao and Yang, Geng and Yang, Huayong}, year={2025}, pages={69–93}} 

@article{ref:Jin_Ji_Yan_2023, title={An effective obstacle avoidance and motion planning design for underwater telescopic arm robots based on a tent chaotic dung beetle algorithm}, volume={12}, DOI={10.3390/electronics12194128}, number={19}, journal={Electronics}, author={Jin, Huawei and Ji, Haitao and Yan, Fangzheng}, year={2023}, month={Oct}, pages={4128}} 

@article{ref:Mazomenos_Biswas_Cranny_Rajan_Maharatna_Achner_Klemke_Jobges_Ortmann_Langendorfer_2016, title={Detecting elementary arm movements by tracking upper limb joint angles with Marg sensors}, volume={20}, DOI={10.1109/jbhi.2015.2431472}, number={4}, journal={IEEE Journal of Biomedical and Health Informatics}, author={Mazomenos, Evangelos B. and Biswas, Dwaipayan and Cranny, Andy and Rajan, Amal and Maharatna, Koushik and Achner, Josy and Klemke, Jasmin and Jobges, Michael and Ortmann, Steffen and Langendorfer, Peter}, year={2016}, month={Jul}, pages={1088–1099}} 

@article{ref:Phuong_Cong_2024, title={Control the robot arm through vision-based human hand tracking}, volume={52}, DOI={10.5937/fme2401037p}, number={1}, journal={FME Transactions}, author={Phuong, Le and Cong, Vo}, year={2024}, pages={37–44}} 

@article{ref:Nalam_Manivannan_2014, title={Development of a contact based human arm motion analysis system for virtual reality applications}, volume={592–594}, DOI={10.4028/www.scientific.net/amm.592-594.2139}, journal={Applied Mechanics and Materials}, author={Nalam, Varun and Manivannan, P.V.}, year={2014}, month={Jul}, pages={2139–2144}} 

@article{ref:arm_dofs, title={Biomechanical analysis of the shooter-weapon system oscillation}, DOI={10.1109/miltechs.2017.7988729}, journal={2017 International Conference on Military Technologies (ICMT)}, author={Nguyen Thai, Dung and Nguyen Van, Dung and Ta Van, Phuc and Do Duc, Linh}, year={2017}, month={May}, pages={48–53}} 

@article{ref:nullspace, title={Modeling musculoskeletal kinematic and dynamic redundancy using null space projection}, volume={14}, DOI={10.1371/journal.pone.0209171}, number={1}, journal={PLOS ONE}, author={Stanev, Dimitar and Moustakas, Konstantinos}, year={2019}, month={Jan}} 